%% This BibTeX bibliography file was created using BibDesk.
%% http://bibdesk.sourceforge.net/


%% Created for Alec Kercheval at 2011-02-04 18:15:37 -0500 


%% Saved with string encoding Western (ASCII) 



@book{keilson,
	Address = {New York},
	Author = {J. Keilson},
	Date-Added = {2011-02-04 18:14:39 -0500},
	Date-Modified = {2011-02-04 18:15:35 -0500},
	Publisher = {Springer-Verlag},
	Title = {Markov Chain Models - Rarity and Exponentiality},
	Year = {1979}}

@article{johnsonbaugh,
	Author = {R. Johnsonbaugh},
	Date-Added = {2011-02-04 18:13:09 -0500},
	Date-Modified = {2011-02-04 18:14:24 -0500},
	Journal = {American Mathematical Monthly},
	Pages = {637-648},
	Title = {Summing an Alternating Series},
	Volume = {86},
	Year = {1979}}

@article{bouchaud,
	Author = {J. Bouchaud and M. Meazrd and M. Potters},
	Date-Modified = {2011-01-06 17:00:27 -0500},
	Journal = {Quantitative Finance},
	Pages = {251-256},
	Title = {Statistical properties of stock order books: empirical results and models},
	Volume = {2},
	Year = {2002}}

@article{hollifield,
	Author = {B. {Hollifield} and R. {Miller} and E. {Kandel}},
	Date-Modified = {2011-01-06 17:02:52 -0500},
	Journal = {Review of Economic Studies},
	Number = {4},
	Pages = {1027-1063},
	Title = {Empirical analysis of limit order markets},
	Volume = {71},
	Year = {2004}}

@article{whitt,
	Author = {J. {Abate} and W. {Whitt}},
	Date-Modified = {2011-01-06 16:22:54 -0500},
	Journal = {ORSA Journal on Computing},
	Pages = {36-43},
	Title = {Numerical inversion of laplace transform of probability distribution},
	Volume = {7},
	Year = {1995}}

@article{whittt,
	Author = {J. Abate and W. Whitt},
	Journal = {Queueing Systems},
	Pages = {5-88},
	Title = {The fourier-series method for inverting tranforms of probability distributions},
	Volume = {10},
	Year = {1999}}

@article{abate,
	Author = {J. Abate and W. Whitt},
	Journal = {INFORMS Journal on Computing},
	Number = {4},
	Pages = {394-405},
	Title = {Computing laplace transforms for numerical inversion via continued fractions},
	Volume = {11},
	Year = {1999}}

@article{cont,
	Author = {R. Cont and S. Stoikov and R. Talreja},
	Date-Modified = {2011-01-06 17:02:18 -0500},
	Journal = {Operations Research},
	Number = {3},
	Pages = {549-563},
	Title = {A stochastic model for order book dynamics},
	Volume = {58},
	Year = {2010}}

@article{chakraborti,
	Author = {A. {Chakraborti} and I. {Toke} and M. {Patriarca} and F. {Abrergel}},
	Date-Modified = {2011-01-06 17:01:50 -0500},
	Journal = {Econophysics},
	Title = {Empirical facts and agent-based models},
	Year = {2009}}

@article{toke,
	Author = {I. M. Toke},
	Date-Modified = {2011-01-06 17:03:55 -0500},
	Journal = {Working paper},
	Title = {Market making in an order book model and its impact on the spread},
	Year = {2010}}

@article{doubleday,
	Author = {W. G. Doubleday},
	Date-Modified = {2011-01-06 16:54:56 -0500},
	Journal = {Mathematical Biosciences},
	Pages = {43-56},
	Title = {On linear birth-death processes with multiple births},
	Volume = {17},
	Year = {1973}}

@article{parlour,
	Author = {Ch. A. {Parlour}},
	Date-Modified = {2011-01-06 16:54:41 -0500},
	Journal = {Review of Financial Studies},
	Number = {4},
	Pages = {789-816},
	Title = {Price dynamics in limit order markets},
	Volume = {11},
	Year = {1998}}

@article{foucault,
	Author = {T. {Foucault}},
	Date-Modified = {2011-01-06 17:02:29 -0500},
	Journal = {Journal of Financial Markets},
	Pages = {99-134},
	Title = {Order flow Composition and trading costs in a dynamic limit order market},
	Volume = {2},
	Year = {1999}}

@article{goettler,
	Author = {R. {Goettler} and C. {Parlour} and and U. {Rajan}},
	Date-Modified = {2011-01-06 17:02:42 -0500},
	Journal = {Journal of Finance},
	Pages = {2149-2192},
	Title = {Equilibrium in a dynamic limit order market},
	Volume = {60},
	Year = {2005}}

@article{avellaneda,
	Author = {M. {Avellaneda} and S. {Stoikov}},
	Date-Modified = {2011-01-06 17:01:19 -0500},
	Journal = {Quantitative Finance},
	Pages = {217-224},
	Title = {High-frequency trading in a limit order book},
	Volume = {8},
	Year = {2008}}

@article{rosu,
	Author = {I. {Rous}},
	Date-Modified = {2011-01-06 16:55:20 -0500},
	Journal = {Review of Financial Studies},
	Month = {Nov},
	Number = {11},
	Pages = {4601-4641},
	Title = {A dynamic model of the limit order book},
	Volume = {22},
	Year = {2009}}

@article{knez,
	Author = {P. {Knez} and M. {Ready}},
	Date-Modified = {2011-01-06 17:03:04 -0500},
	Journal = {Review of Financial Studies},
	Pages = {1121-1163},
	Title = {Estimating the profits from trading stratigies},
	Volume = {9},
	Year = {1996}}

@book{anderson,
	Address = {New York},
	Author = {W. J. Anderson},
	Date-Modified = {2011-01-06 16:53:40 -0500},
	Publisher = {Springer},
	Title = {Continous-Time Markov Chains: An Application-Oriented Approach},
	Year = {1991}}

@book{asmussen,
	Address = {Cambridge, UK},
	Author = {S. Asmussen},
	Publisher = {Springer-Verlag},
	Title = {Applied Probability and Queues},
	Year = {2003}}
