
@article{tang2009computer,
  title={Computer-aided detection and diagnosis of breast cancer with mammography: recent advances},
  author={Tang, Jinshan and Rangayyan, Rangaraj M and Xu, Jun and El Naqa, Issam and Yang, Yongyi},
  journal={IEEE Transactions on Information Technology in Biomedicine},
  volume={13},
  number={2},
  pages={236--251},
  year={2009},
  publisher={IEEE}
}

@inproceedings{raghunath2013landscaping,
  title={Landscaping the effect of CT reconstruction parameters: Robust Interstitial Pulmonary Fibrosis quantitation},
  author={Raghunath, Sushravya and Rajagopalan, Srinivasan and Karwoski, Ronald A and Bruesewitz, Michael R and McCollough, Cynthia H and Bartholmai, Brian J and Robb, Richard A},
  booktitle={Biomedical Imaging (ISBI), 2013 IEEE 10th International Symposium on},
  pages={374--377},
  year={2013},
  organization={IEEE}
}

@article{sluimer2006computer,
  title={Computer analysis of computed tomography scans of the lung: a survey},
  author={Sluimer, Ingrid and Schilham, Arnold and Prokop, Mathias and Van Ginneken, Bram},
  journal={IEEE transactions on medical imaging},
  volume={25},
  number={4},
  pages={385--405},
  year={2006},
  publisher={IEEE}
}

@incollection{krenker2011introduction,
  title={Introduction to the artificial neural networks},
  author={Krenker, Andrej and Bester, Janez and Kos, Andrej},
  booktitle={Artificial neural networks-methodological advances and biomedical applications},
  year={2011},
  publisher={InTech}
}