@Preamble{"\ifx \manfnt \undefined \font\manfnt=logo10 \fi"
 # "\ifx \METAFONT \undefined \def \METAFONT {{\manfnt META}\-{\manfnt FONT}\spacefactor1000 } \fi"
 # "\ifx \MF \undefined \let \MF=\METAFONT \fi"
 # "\ifx \POSTSCRIPT \undefined \def \POSTSCRIPT {{\scshape Post}\-{\scshape Script}\spacefactor1000 } \fi"
 # "\ifx \MP \undefined \def \MP {{\manfnt META}\-{\manfnt POST}\spacefactor1000 } \fi"
 # "\ifx \noopsort \undefined \def \noopsort#1{} \fi"
 # "\ifx \emdash \undefined \def \emdash{---} \fi"
}

@String{j-CJ                    = "The Computer Journal"}                  

@String{pub-APA                 = "American Psychological Association"}
@String{pub-APA:adr             = "Washington, DC, USA"}

@String{pub-AW                  = "Ad{\-d}i{\-s}on-Wes{\-l}ey"}
@String{pub-AW:adr              = "Reading, MA, USA"}

@String{pub-MLAA                = "Modern Language Association of America"}
@String{pub-MLAA:adr            = "New York, NY, USA"}

@String{pub-U-CHICAGO-PRESS     = "University of Chicago Press"}
@String{pub-U-CHICAGO-PRESS:adr = "Chicago, IL, USA"}

@String{ack-nhfb = "Nelson H. F. Beebe,
                    University of Utah,
                    Department of Mathematics, 110 LCB,
                    155 S 1400 E RM 233,
                    Salt Lake City, UT 84112-0090, USA,
                    Tel: +1 801 581 5254,
                    FAX: +1 801 581 4148,
                    e-mail: \path|beebe@math.utah.edu|,
                            \path|beebe@acm.org|,
                            \path|beebe@computer.org| (Internet),
                    URL: \path|http://www.math.utah.edu/~beebe/|"}
                    
@article{greenwade93,
    author  = "George D. Greenwade",
    title   = "The {C}omprehensive {T}ex {A}rchive {N}etwork ({CTAN})",
    year    = "1993",
    journal = "TUGBoat",
    volume  = "14",
    number  = "3",
    pages   = "342--351"
}
 
@book{latexcompanion,
    author    = "Michel Goossens and Frank Mittelbach and Alexander Samarin",
    title     = "The \LaTeX\ Companion",
    year      = "1993",
    publisher = "Addison-Wesley",
    address   = "Reading, Massachusetts"
}
 
@misc{knuthwebsite,
    author    = "Donald Knuth",
    title     = "Knuth: Computers and Typesetting",
    url       = "http://www-cs-faculty.stanford.edu/\~{}uno/abcde.html"
}
@article{gopikrishnan2000statistical,
  title={Statistical properties of share volume traded in financial markets},
  author={Gopikrishnan, Parameswaran and Plerou, Vasiliki and Gabaix, Xavier and Stanley, H Eugene},
  journal={Physical Review E},
  volume={62},
  number={4},
  pages={R4493},
  year={2000},
  publisher={APS}
}