@Article{hft_future,
     author = "Anuj Agarwal",
     title = "High Frequency Trading:
     Evolution and the Future",
     year = "2012"
     }
     
@Article{rosu2009dynamic,
     title="A dynamic model of the limit order book",
     journal="Forthcoming in The Review of Financial Studies",
     author="Rosu, Ioanid",
     year="2009"
     }

@Article{luckock2001statistical,
     title="A statistical model of a limit order market",
     author="Luckock, Hugh",
     journal="Sidney University preprint (September 2001)",
     year="2001"
     }
     
@article{cont2010stochastic,
  title={A stochastic model for order book dynamics},
  author={Cont, Rama and Stoikov, Sasha and Talreja, Rishi},
  journal={Operations research},
  volume={58},
  number={3},
  pages={549--563},
  year={2010},
  publisher={INFORMS}
}

@article{obizhaeva2013optimal,
  title={Optimal trading strategy and supply/demand dynamics},
  author={Obizhaeva, Anna A and Wang, Jiang},
  journal={Journal of Financial Markets},
  volume={16},
  number={1},
  pages={1--32},
  year={2013},
  publisher={Elsevier}
}

@article{engle2006measuring,
  title={Measuring and modeling execution cost and risk},
  author={Engle, Robert F and Ferstenberg, Robert and Russell, Jeffrey R},
  year={2006},
  publisher={NYU Working paper no. FIN-06-044}
}
@book{harris2003trading,
  title={Trading and exchanges: Market microstructure for practitioners},
  author={Harris, Larry},
  year={2003},
  publisher={Oxford University Press, USA}
}

@article{kirilenko2015flash,
  title={The flash crash: The impact of high frequency trading on an electronic market},
  author={Kirilenko, Andrei A and Kyle, Albert S and Samadi, Mehrdad and Tuzun, Tugkan},
  journal={Available at SSRN 1686004},
  year={2015}
}

@article{kegl2013return,
  title={The return of AdaBoost. MH: multi-class Hamming trees},
  author={K{\'e}gl, Bal{\'a}zs},
  journal={arXiv preprint arXiv:1312.6086},
  year={2013}
}

@article{hansen1990neural,
  title={Neural network ensembles},
  author={Hansen, Lars Kai and Salamon, Peter},
  journal={IEEE transactions on pattern analysis and machine intelligence},
  volume={12},
  pages={993--1001},
  year={1990}
}

@article{hashem1997optimal,
  title={Optimal linear combinations of neural networks},
  author={Hashem, Sherif},
  journal={Neural networks},
  volume={10},
  number={4},
  pages={599--614},
  year={1997},
  publisher={Elsevier}
}

@incollection{buhlmann2012bagging,
  title={Bagging, boosting and ensemble methods},
  author={B{\"u}hlmann, Peter},
  booktitle={Handbook of Computational Statistics},
  pages={985--1022},
  year={2012},
  publisher={Springer}
}

@article{gould2013limit,
  title={Limit order books},
  author={Gould, Martin D and Porter, Mason A and Williams, Stacy and McDonald, Mark and Fenn, Daniel J and Howison, Sam D},
  journal={Quantitative Finance},
  volume={13},
  number={11},
  pages={1709--1742},
  year={2013},
  publisher={Taylor \& Francis}
}

@article{biais1995empirical,
  title={An empirical analysis of the limit order book and the order flow in the Paris Bourse},
  author={Biais, Bruno and Hillion, Pierre and Spatt, Chester},
  journal={the Journal of Finance},
  volume={50},
  number={5},
  pages={1655--1689},
  year={1995},
  publisher={Wiley Online Library}
}

@article{bouchaud2002statistical,
  title={Statistical properties of stock order books: empirical results and models},
  author={Bouchaud, Jean-Philippe and M{\'e}zard, Marc and Potters, Marc and others},
  journal={Quantitative finance},
  volume={2},
  number={4},
  pages={251--256},
  year={2002},
  publisher={Taylor \& Francis}
}

@article{challet2001analyzing,
	title={Analyzing and modeling 1+ 1d markets},
	author={Challet, Damien and Stinchcombe, Robin},
	journal={Physica A: Statistical Mechanics and its Applications},
	volume={300},
	number={1},
	pages={285--299},
	year={2001},
	publisher={Elsevier}
}
@article{potters2003more,
  title={More statistical properties of order books and price impact},
  author={Potters, Marc and Bouchaud, Jean-Philippe},
  journal={Physica A: Statistical Mechanics and its Applications},
  volume={324},
  number={1},
  pages={133--140},
  year={2003},
  publisher={Elsevier}
}
@article{zovko2002power,
  title={The power of patience: a behavioural regularity in limit-order placement},
  author={Zovko, Ilija and Farmer, J Doyne and others},
  journal={Quantitative finance},
  volume={2},
  number={5},
  pages={387--392},
  year={2002},
  publisher={Taylor \& Francis}
}

@article{ivanov2004common,
  title={Common scaling patterns in intertrade times of US stocks},
  author={Ivanov, Plamen Ch and Yuen, Ainslie and Podobnik, Boris and Lee, Youngki},
  journal={Physical Review E},
  volume={69},
  number={5},
  pages={056107},
  year={2004},
  publisher={APS}
}

@article{politi2008fitting,
  title={Fitting the empirical distribution of intertrade durations},
  author={Politi, Mauro and Scalas, Enrico},
  journal={Physica A: Statistical Mechanics and its Applications},
  volume={387},
  number={8},
  pages={2025--2034},
  year={2008},
  publisher={Elsevier}
}

@article{engle1997forecasting,
  title={Forecasting the frequency of changes in quoted foreign exchange prices with the autoregressive conditional duration model},
  author={Engle, Robert F and Russell, Jeffrey R},
  journal={Journal of empirical finance},
  volume={4},
  number={2},
  pages={187--212},
  year={1997},
  publisher={Elsevier}
}

@article{engle2000econometrics,
  title={The econometrics of ultra-high-frequency data},
  author={Engle, Robert F},
  journal={Econometrica},
  volume={68},
  number={1},
  pages={1--22},
  year={2000},
  publisher={Wiley Online Library}
}

@article{clark1973subordinated,
  title={A subordinated stochastic process model with finite variance for speculative prices},
  author={Clark, Peter K},
  journal={Econometrica: journal of the Econometric Society},
  pages={135--155},
  year={1973},
  publisher={JSTOR}
}

@article{silva2007stochastic,
  title={Stochastic volatility of financial markets as the fluctuating rate of trading: An empirical study},
  author={Silva, A Christian and Yakovenko, Victor M},
  journal={Physica A: Statistical Mechanics and its Applications},
  volume={382},
  number={1},
  pages={278--285},
  year={2007},
  publisher={Elsevier}
}


@article{gopikrishnan2000statistical,
  title={Statistical properties of share volume traded in financial markets},
  author={Gopikrishnan, Parameswaran and Plerou, Vasiliki and Gabaix, Xavier and Stanley, H Eugene},
  journal={Physical Review E},
  volume={62},
  number={4},
  pages={R4493},
  year={2000},
  publisher={APS}
}
@article{maslov2001price,
  title={Price fluctuations from the order book perspective—empirical facts and a simple model},
  author={Maslov, Sergei and Mills, Mark},
  journal={Physica A: Statistical Mechanics and its Applications},
  volume={299},
  number={1},
  pages={234--246},
  year={2001},
  publisher={Elsevier}
}

@article{challet2001analyzing,
  title={Analyzing and modeling 1+ 1d markets},
  author={Challet, Damien and Stinchcombe, Robin},
  journal={Physica A: Statistical Mechanics and its Applications},
  volume={300},
  number={1},
  pages={285--299},
  year={2001},
  publisher={Elsevier}
}

@article{huth2012times,
  title={The times change: Multivariate subordination. Empirical facts},
  author={Huth, Nicolas and Abergel, Fr{\'e}d{\'e}ric},
  journal={Quantitative Finance},
  volume={12},
  number={1},
  pages={1--10},
  year={2012},
  publisher={Taylor \& Francis}
}

@article{challet2001analyzing,
  title={Analyzing and modeling 1+ 1d markets},
  author={Challet, Damien and Stinchcombe, Robin},
  journal={Physica A: Statistical Mechanics and its Applications},
  volume={300},
  number={1},
  pages={285--299},
  year={2001},
  publisher={Elsevier}
}

@article{bouchaud2002statistical,
	title={Statistical properties of stock order books: empirical results and models},
	author={Bouchaud, Jean-Philippe and M{\'e}zard, Marc and Potters, Marc and others},
	journal={Quantitative finance},
	volume={2},
	number={4},
	pages={251--256},
	year={2002},
	publisher={Taylor \& Francis}
}

@article{potters2003more,
	title={More statistical properties of order books and price impact},
	author={Potters, Marc and Bouchaud, Jean-Philippe},
	journal={Physica A: Statistical Mechanics and its Applications},
	volume={324},
	number={1},
	pages={133--140},
	year={2003},
	publisher={Elsevier}
}

@article{mike2008empirical,
	title={An empirical behavioral model of liquidity and volatility},
	author={Mike, Szabolcs and Farmer, J Doyne},
	journal={Journal of Economic Dynamics and Control},
	volume={32},
	number={1},
	pages={200--234},
	year={2008},
	publisher={Elsevier}
}


@article{bollerslev1993trading,
	title={Trading patterns and prices in the interbank foreign exchange market},
	author={Bollerslev, Tim and Domowitz, Ian},
	journal={The Journal of Finance},
	volume={48},
	number={4},
	pages={1421--1443},
	year={1993},
	publisher={Wiley Online Library}
}

@article{hamao1995securities,
	title={Securities trading in the absence of dealers: Trades and quotes on the Tokyo Stock Exchange},
	author={Hamao, Yasushi and Hasbrouck, Joel},
	journal={Review of Financial Studies},
	volume={8},
	number={3},
	pages={849--878},
	year={1995},
	publisher={Soc Financial Studies}
}

@article{maslov2001price,
	title={Price fluctuations from the order book perspective—empirical facts and a simple model},
	author={Maslov, Sergei and Mills, Mark},
	journal={Physica A: Statistical Mechanics and its Applications},
	volume={299},
	number={1},
	pages={234--246},
	year={2001},
	publisher={Elsevier}
}

@article{bouchaud2002statistical,
	title={Statistical properties of stock order books: empirical results and models},
	author={Bouchaud, Jean-Philippe and M{\'e}zard, Marc and Potters, Marc and others},
	journal={Quantitative finance},
	volume={2},
	number={4},
	pages={251--256},
	year={2002},
	publisher={Taylor \& Francis}
}

@article{zovko2002power,
	title={The power of patience: a behavioural regularity in limit-order placement},
	author={Zovko, Ilija and Farmer, J Doyne and others},
	journal={Quantitative finance},
	volume={2},
	number={5},
	pages={387--392},
	year={2002},
	publisher={Taylor \& Francis}
}

@book{hall2004continuous,
	title={A continuous-time measurement of the buy-sell pressure in a limit order book market},
	author={Hall, Anthony D and Hautsch, Nikolaus and others},
	year={2004},
	publisher={Institute of Economics, University of Copenhagen}
}

@article{weber2005order,
	title={Order book approach to price impact},
	author={Weber, Philipp and Rosenow*, Bernd},
	journal={Quantitative Finance},
	volume={5},
	number={4},
	pages={357--364},
	year={2005},
	publisher={Taylor \& Francis}
}

@article{boehmer2007public,
	title={Public disclosure and private decisions: Equity market execution quality and order routing},
	author={Boehmer, Ekkehart and Jennings, Robert and Wei, Li},
	journal={Review of Financial Studies},
	volume={20},
	number={2},
	pages={315--358},
	year={2007},
	publisher={Soc Financial Studies}
}



@article{ganchev2010censored,
	title={Censored exploration and the dark pool problem},
	author={Ganchev, Kuzman and Nevmyvaka, Yuriy and Kearns, Michael and Vaughan, Jennifer Wortman},
	journal={Communications of the ACM},
	volume={53},
	number={5},
	pages={99--107},
	year={2010},
	publisher={ACM}
}

@article{laruelle2011optimal,
	title={Optimal split of orders across liquidity pools: a stochastic algorithm approach},
	author={Laruelle, Sophie and Lehalle, Charles-Albert and Pages, Gilles},
	journal={SIAM Journal on Financial Mathematics},
	volume={2},
	number={1},
	pages={1042--1076},
	year={2011},
	publisher={SIAM}
}

@incollection{guo2013optimal,
	title={Optimal placement in a limit order book},
	author={Guo, Xin},
	booktitle={Theory Driven by Influential Applications},
	pages={191--200},
	year={2013},
	publisher={INFORMS}
}

@article{cont2013optimal,
	title={Optimal order placement in limit order markets},
	author={Cont, Rama and Kukanov, Arseniy},
	year={2013}
}

@article{cont2010stochastic,
	title={A stochastic model for order book dynamics},
	author={Cont, Rama and Stoikov, Sasha and Talreja, Rishi},
	journal={Operations research},
	volume={58},
	number={3},
	pages={549--563},
	year={2010},
	publisher={Informs}
}

@article{hutchinson1994nonparametric,
	title={A nonparametric approach to pricing and hedging derivative securities via learning networks},
	author={Hutchinson, James M and Lo, Andrew W and Poggio, Tomaso},
	journal={The Journal of Finance},
	volume={49},
	number={3},
	pages={851--889},
	year={1994},
	publisher={Wiley Online Library}
}

@inproceedings{nevmyvaka2006reinforcement,
	title={Reinforcement learning for optimized trade execution},
	author={Nevmyvaka, Yuriy and Feng, Yi and Kearns, Michael},
	booktitle={Proceedings of the 23rd international conference on Machine learning},
	pages={673--680},
	year={2006},
	organization={ACM}
}

@article{kercheval2015modelling,
	title={Modelling high-frequency limit order book dynamics with support vector machines},
	author={Kercheval, Alec N and Zhang, Yuan},
	journal={Quantitative Finance},
	volume={15},
	number={8},
	pages={1315--1329},
	year={2015},
	publisher={Taylor \& Francis}
}

@article{park2015adaptive,
	title={Adaptive execution: Exploration and learning of price impact},
	author={Park, Beomsoo and Van Roy, Benjamin},
	journal={Operations Research},
	volume={63},
	number={5},
	pages={1058--1076},
	year={2015},
	publisher={INFORMS}
}

@article{sirignano2016deep,
	title={Deep learning for limit order books},
	author={Sirignano, Justin},
	year={2016}
}

@misc{idvall2008algorithmic,
	title={Algorithmic trading: Hidden markov models on foreign exchange data},
	author={Idvall, Patrik and Jonsson, Conny},
	year={2008},
	publisher={Matematiska institutionen}
}

@article{hassan2007fusion,
	title={A fusion model of HMM, ANN and GA for stock market forecasting},
	author={Hassan, Md Rafiul and Nath, Baikunth and Kirley, Michael},
	journal={Expert Systems with Applications},
	volume={33},
	number={1},
	pages={171--180},
	year={2007},
	publisher={Elsevier}
}

@inproceedings{hassan2005stock,
	title={Stock market forecasting using hidden Markov model: a new approach},
	author={Hassan, Md Rafiul and Nath, Baikunth},
	booktitle={Intelligent Systems Design and Applications, 2005. ISDA'05. Proceedings. 5th International Conference on},
	pages={192--196},
	year={2005},
	organization={IEEE}
}

@article{landen2000bond,
	title={Bond pricing in a hidden Markov model of the short rate},
	author={Landen, Camilla},
	journal={Finance and Stochastics},
	volume={4},
	number={4},
	pages={371--389},
	year={2000},
	publisher={Springer}
}

@book{mamon2007hidden,
	title={Hidden markov models in finance},
	author={Mamon, Rogemar S and Elliott, Robert J},
	volume={4},
	year={2007},
	publisher={Springer}
}

@phdthesis{zhang2004prediction,
	title={Prediction of financial time series with Hidden Markov Models},
	author={Zhang, Yingjian},
	year={2004},
	school={Simon Fraser University}
}

@article{bulla2006application,
	title={Application of hidden Markov models and hidden semi-Markov models to financial time series},
	author={Bulla, Jan},
	year={2006}
}

@article{rossi2006volatility,
	title={Volatility estimation via hidden Markov models},
	author={Rossi, Alessandro and Gallo, Giampiero M},
	journal={Journal of Empirical Finance},
	volume={13},
	number={2},
	pages={203--230},
	year={2006},
	publisher={Elsevier}
}

@article{ryden1998stylized,
	title={Stylized facts of daily return series and the hidden Markov model},
	author={Ryd{\'e}n, Tobias and Ter{\"a}svirta, Timo and {\AA}sbrink, Stefan},
	journal={Journal of applied econometrics},
	pages={217--244},
	year={1998},
	publisher={JSTOR}
}

@book{trippi1992neural,
	title={Neural networks in finance and investing: Using artificial intelligence to improve real world performance},
	author={Trippi, Robert R and Turban, Efraim},
	year={1992},
	publisher={McGraw-Hill, Inc.}
}

@article{kuan1995forecasting,
	title={Forecasting exchange rates using feedforward and recurrent neural networks},
	author={Kuan, Chung-Ming and Liu, Tung},
	journal={Journal of applied econometrics},
	volume={10},
	number={4},
	pages={347--364},
	year={1995},
	publisher={Wiley Online Library}
}

@article{walczak2001empirical,
	title={An empirical analysis of data requirements for financial forecasting with neural networks},
	author={Walczak, Steven},
	journal={Journal of management information systems},
	volume={17},
	number={4},
	pages={203--222},
	year={2001},
	publisher={Taylor \& Francis}
}

@book{shadbolt2002neural,
	title={Neural Networks and the Financial Markets: Bpredicting, Combining, and Portfolio Optimisation},
	author={Shadbolt, Jimmy},
	year={2002},
	publisher={Springer Science \& Business Media}
}

@article{cortes1995support,
	title={Support-vector networks},
	author={Cortes, Corinna and Vapnik, Vladimir},
	journal={Machine learning},
	volume={20},
	number={3},
	pages={273--297},
	year={1995},
	publisher={Springer}
}

@article{tay2001application,
	title={Application of support vector machines in financial time series forecasting},
	author={Tay, Francis EH and Cao, Lijuan},
	journal={Omega},
	volume={29},
	number={4},
	pages={309--317},
	year={2001},
	publisher={Elsevier}
}

@article{tay2002modified,
	title={Modified support vector machines in financial time series forecasting},
	author={Tay, Francis EH and Cao, LJ},
	journal={Neurocomputing},
	volume={48},
	number={1},
	pages={847--861},
	year={2002},
	publisher={Elsevier}
}

@article{cao2003support,
	title={Support vector machines experts for time series forecasting},
	author={Cao, Lijuan},
	journal={Neurocomputing},
	volume={51},
	pages={321--339},
	year={2003},
	publisher={Elsevier}
}

@article{kim2003financial,
	title={Financial time series forecasting using support vector machines},
	author={Kim, Kyoung-jae},
	journal={Neurocomputing},
	volume={55},
	number={1},
	pages={307--319},
	year={2003},
	publisher={Elsevier}
}

@article{perez2003estimating,
	title={Estimating GARCH models using support vector machines*},
	author={P{\'e}rez-Cruz, Fernando and Afonso-Rodriguez, Julio A and Giner, Javier and others},
	journal={Quantitative Finance},
	volume={3},
	number={3},
	pages={163--172},
	year={2003},
	publisher={Taylor \& Francis}
}

@article{van2001financial,
	title={Financial time series prediction using least squares support vector machines within the evidence framework},
	author={Van Gestel, Tony and Suykens, Johan AK and Baestaens, D-E and Lambrechts, Annemie and Lanckriet, Gert and Vandaele, Bruno and De Moor, Bart and Vandewalle, Joos},
	journal={IEEE Transactions on neural networks},
	volume={12},
	number={4},
	pages={809--821},
	year={2001},
	publisher={IEEE}
}

@article{hazarika2002predicting,
	title={Predicting bonds using the linear relevance vector machine},
	author={Hazarika, Neep and Taylor, John G},
	journal={Neural networks and the financial markets},
	pages={145--155},
	year={2002},
	publisher={Springer}
}

@inproceedings{tino2005volatility,
	title={Volatility forecasting with sparse bayesian kernel models},
	author={Tino, Peter and Nikolaev, Nikolay and Yao, Xin},
	booktitle={Proc. 4th International Conference on Computational Intelligence in Economics and Finance, Salt Lake City, UT},
	pages={1150--1153},
	year={2005}
}

@article{huang2005forecasting,
	title={Forecasting stock market movement direction with support vector machine},
	author={Huang, Wei and Nakamori, Yoshiteru and Wang, Shou-Yang},
	journal={Computers \& Operations Research},
	volume={32},
	number={10},
	pages={2513--2522},
	year={2005},
	publisher={Elsevier}
}

@inproceedings{huang2006wavelet,
	title={Wavelet-based relevance vector machines for stock index forecasting},
	author={Huang, Shian-Chang and Wu, Tung-Kuang},
	booktitle={Neural Networks, 2006. IJCNN'06. International Joint Conference on},
	pages={603--609},
	year={2006},
	organization={IEEE}
}

@article{huang2008combining,
	title={Combining wavelet-based feature extractions with relevance vector machines for stock index forecasting},
	author={Huang, Shian-Chang and Wu, Tung-Kuang},
	journal={Expert Systems},
	volume={25},
	number={2},
	pages={133--149},
	year={2008},
	publisher={Wiley Online Library}
}

@inproceedings{fletcher2009machine,
	title={Machine learning in fx carry basket prediction},
	author={Fletcher, Tristan and Redpath, Fabian and D’Alessandro, Joe},
	booktitle={Proceedings of the World Congress on Engineering},
	volume={2},
	year={2009}
}
@incollection{chalup2008kernel,
	title={Kernel methods in finance},
	author={Chalup, Stephan K and Mitschele, Andreas},
	booktitle={Handbook on information technology in finance},
	pages={655--687},
	year={2008},
	publisher={Springer}
}


@article{fletcher2007hybrid,
	title={Hybrid evolutionary techniques for fx arbitrage prediction},
	author={Fletcher, Tristan},
	year={2007}
}

@inproceedings{julier1997new,
	title={New extension of the Kalman filter to nonlinear systems},
	author={Julier, Simon J and Uhlmann, Jeffrey K},
	booktitle={AeroSense'97},
	pages={182--193},
	year={1997},
	organization={International Society for Optics and Photonics}
}

@article{evensen2003ensemble,
	title={The ensemble Kalman filter: Theoretical formulation and practical implementation},
	author={Evensen, Geir},
	journal={Ocean dynamics},
	volume={53},
	number={4},
	pages={343--367},
	year={2003},
	publisher={Springer}
}

@article{bolland1996robust,
	title={A robust non-linear multivariate Kalman filter for arbitrage identification in high frequency data},
	author={Bolland, PJ and Connor, JT},
	journal={Neural Networks in Financial Engineering (Proceedings of the NNCM-95), eds. AP. N. Refenes, Y. Abu-Mostafa, J. Moody and AS Weigend (World Scientific)},
	pages={122--135},
	year={1996}
}

@article{bolland1997constrained,
	title={A constrained neural network Kalman filter for price estimation in high frequency financial data},
	author={Bolland, Peter J and Connor, Jerome T},
	journal={International Journal of Neural Systems},
	volume={8},
	number={04},
	pages={399--415},
	year={1997},
	publisher={World Scientific}
}

@article{bliss1934method,
	title={The method of probits},
	author={Bliss, Chester I},
	journal={Science},
	volume={79},
	number={2037},
	pages={38--39},
	year={1934},
	publisher={American Association for the Advancement of Science}
}

@book{friedman2001elements,
	title={The elements of statistical learning},
	author={Friedman, Jerome and Hastie, Trevor and Tibshirani, Robert},
	volume={1},
	year={2001},
	publisher={Springer series in statistics Springer, Berlin}
}

@article{tibshirani1996regression,
	title={Regression shrinkage and selection via the lasso},
	author={Tibshirani, Robert},
	journal={Journal of the Royal Statistical Society. Series B (Methodological)},
	pages={267--288},
	year={1996},
	publisher={JSTOR}
}

@article{chen2001atomic,
	title={Atomic decomposition by basis pursuit},
	author={Chen, Scott Shaobing and Donoho, David L and Saunders, Michael A},
	journal={SIAM review},
	volume={43},
	number={1},
	pages={129--159},
	year={2001},
	publisher={SIAM}
}
@article{hoerl1970ridge,
	title={Ridge regression: Biased estimation for nonorthogonal problems},
	author={Hoerl, Arthur E and Kennard, Robert W},
	journal={Technometrics},
	volume={12},
	number={1},
	pages={55--67},
	year={1970},
	publisher={Taylor \& Francis Group}
}

@inproceedings{boser1992training,
	title={A training algorithm for optimal margin classifiers},
	author={Boser, Bernhard E and Guyon, Isabelle M and Vapnik, Vladimir N},
	booktitle={Proceedings of the fifth annual workshop on Computational learning theory},
	pages={144--152},
	year={1992},
	organization={ACM}
}

@article{cortes1995support,
	title={Support-vector networks},
	author={Cortes, Corinna and Vapnik, Vladimir},
	journal={Machine learning},
	volume={20},
	number={3},
	pages={273--297},
	year={1995},
	publisher={Springer}
}

@incollection{buhlmann2012bagging,
	title={Bagging, boosting and ensemble methods},
	author={B{\"u}hlmann, Peter},
	booktitle={Handbook of Computational Statistics},
	pages={985--1022},
	year={2012},
	publisher={Springer}
}

@article{friedman2000additive,
	title={Additive logistic regression: a statistical view of boosting (with discussion and a rejoinder by the authors)},
	author={Friedman, Jerome and Hastie, Trevor and Tibshirani, Robert and others},
	journal={The annals of statistics},
	volume={28},
	number={2},
	pages={337--407},
	year={2000},
	publisher={Institute of Mathematical Statistics}
}

@inproceedings{freund1995desicion,
	title={A desicion-theoretic generalization of on-line learning and an application to boosting},
	author={Freund, Yoav and Schapire, Robert E},
	booktitle={European conference on computational learning theory},
	pages={23--37},
	year={1995},
	organization={Springer}
}

@article{breiman1996bagging,
	title={Bagging predictors},
	author={Breiman, Leo},
	journal={Machine learning},
	volume={24},
	number={2},
	pages={123--140},
	year={1996},
	publisher={Springer}
}

@article{breiman2001random,
	title={Random forests},
	author={Breiman, Leo},
	journal={Machine learning},
	volume={45},
	number={1},
	pages={5--32},
	year={2001},
	publisher={Springer}
}

@article{rocsu2009dynamic,
  title={A dynamic model of the limit order book},
  author={Ro{\c{s}}u, Ioanid},
  journal={Review of Financial Studies},
  volume={22},
  number={11},
  pages={4601--4641},
  year={2009},
  publisher={Soc Financial Studies}
}

@article{huang2015simulating,
  title={Simulating and analyzing order book data: The queue-reactive model},
  author={Huang, Weibing and Lehalle, Charles-Albert and Rosenbaum, Mathieu},
  journal={Journal of the American Statistical Association},
  volume={110},
  number={509},
  pages={107--122},
  year={2015},
  publisher={Taylor \& Francis}
}

@article{zhou2015evolution,
  title={Evolution of high-frequency systematic trading: a performance-driven gradient boosting model},
  author={Zhou, Nan and Cheng, Wen and Qin, Yichen and Yin, Zongcheng},
  journal={Quantitative Finance},
  volume={15},
  number={8},
  pages={1387--1403},
  year={2015},
  publisher={Taylor \& Francis}
}

@article{friedman2000additive,
  title={Additive logistic regression: a statistical view of boosting (with discussion and a rejoinder by the authors)},
  author={Friedman, Jerome and Hastie, Trevor and Tibshirani, Robert and others},
  journal={The annals of statistics},
  volume={28},
  number={2},
  pages={337--407},
  year={2000},
  publisher={Institute of Mathematical Statistics}
}

@article{breiman2001random,
  title={Random forests},
  author={Breiman, Leo},
  journal={Machine learning},
  volume={45},
  number={1},
  pages={5--32},
  year={2001},
  publisher={Springer}
}
@article{breiman2002manual,
  title={Manual on setting up, using, and understanding random forests v3. 1},
  author={Breiman, Leo},
  journal={Statistics Department University of California Berkeley, CA, USA},
  volume={1},
  year={2002}
}

@article{wahal2013style,
	title={Style investing, comovement and return predictability},
	author={Wahal, Sunil and Yavuz, M Deniz},
	journal={Journal of Financial Economics},
	volume={107},
	number={1},
	pages={136--154},
	year={2013},
	publisher={Elsevier}
}

@article{fan2008sure,
	title={Sure independence screening for ultrahigh dimensional feature space},
	author={Fan, Jianqing and Lv, Jinchi},
	journal={Journal of the Royal Statistical Society: Series B (Statistical Methodology)},
	volume={70},
	number={5},
	pages={849--911},
	year={2008},
	publisher={Wiley Online Library}
}

@article{fan2010sure,
	title={Sure independence screening in generalized linear models with NP-dimensionality},
	author={Fan, Jianqing and Song, Rui and others},
	journal={The Annals of Statistics},
	volume={38},
	number={6},
	pages={3567--3604},
	year={2010},
	publisher={Institute of Mathematical Statistics}
}

@article{buhlmann2013correlated,
	title={Correlated variables in regression: clustering and sparse estimation},
	author={B{\"u}hlmann, Peter and R{\"u}timann, Philipp and van de Geer, Sara and Zhang, Cun-Hui},
	journal={Journal of Statistical Planning and Inference},
	volume={143},
	number={11},
	pages={1835--1858},
	year={2013},
	publisher={Elsevier}
}

@article{efron1979bootstrap,
	title={Bootstrap methods: another look at the jackknife},
	author={Efron, Bradley},
	journal={The annals of Statistics},
	pages={1--26},
	year={1979},
	publisher={JSTOR}
}